
@misc{noauthor_scopus_nodate,
	title = {Scopus preview - {Scopus} - {Welcome} to {Scopus}},
	url = {https://www.scopus.com/home.uri},
	abstract = {Elsevier’s Scopus, the largest abstract and citation database of peer-reviewed literature. Search and access research from the science, technology, medicine, social sciences and arts and humanities fields.},
	urldate = {2021-12-09},
}

@book{nowick_diffusion_1975,
	address = {New York},
	series = {Materials science and technology},
	title = {Diffusion in solids: recent developments},
	isbn = {9780125226608},
	shorttitle = {Diffusion in solids},
	publisher = {Academic Press},
	author = {Nowick, Arthur S. and Burton, James Joseph},
	year = {1975},
	keywords = {Kirkendall effect},
}

@article{sofronis_numerical_1989,
	title = {Numerical analysis of hydrogen transport near a blunting crack tip},
	volume = {37},
	issn = {00225096},
	url = {https://linkinghub.elsevier.com/retrieve/pii/0022509689900021},
	doi = {10.1016/0022-5096(89)90002-1},
	language = {en},
	number = {3},
	urldate = {2021-12-14},
	journal = {Journal of the Mechanics and Physics of Solids},
	author = {Sofronis, P. and McMeeking, R.M.},
	month = jan,
	year = {1989},
	pages = {317--350},
}

@article{oriani_diffusion_1970,
	title = {The diffusion and trapping of hydrogen in steel},
	volume = {18},
	issn = {0001-6160},
	url = {https://www.sciencedirect.com/science/article/pii/0001616070900787},
	doi = {10.1016/0001-6160(70)90078-7},
	abstract = {The mobility of dissolved hydrogen in an iron lattice having a population of extraordinary, or trapping, sites for hydrogen is analyzed under the assumption of local equilibrium between the mobile and the trapped populations. It is shown that at low coverage of the trapping sites the usual solutions of the diffusion equations can be used to analyze the experimental results and that the effective diffusivity is a function of trap density and of the magnitude of the trap depth. In the domain of coverage in which the activity of trapped hydrogen is not linear in the fractional occupation of the trap population, the concept of phenomenological diffusivity becomes non-operational and the diffusion equation must be solved with terms for sources and sinks, as done by McNabb and Foster. Values for trap number and depth are obtained by applying the relevant equations to selected data on a variety of steels with and without cold work. The results lead to the suggestion that in the absence of cold work the solid-solid interfaces are as or more important than dislocations as loci of trapping sites, and that in cold-worked steels, microcrack surfaces are more important than dislocations for hydrogen trapping.
Résumé
La mobilité de l'hydrogène dissout dans un réseau de fer possédant une population de sites susceptibles de piéger l'hydrogène est étudiée dans l'hypothèse d'un équilibre local entre les populations mobile et piégée. L'auteur montre que, pour une faible occupation des pièges, les solutions courantes des équations de diffusion peuvent être utilisées pour analyser les résultats expérimentaux, et que la diffusivité effective est une fonction de la densité et de la profondeur des pièges. Pour les systèmes pour lesquels l'activité de l'hydrogène piégé n'est pas linéaire en fonction de la proportion d'occupation de la population piégée, le concept de diffusivité phénoménologique ne peut plus être utilisé et des termes relatifs aux sources et aux puits doivent entrer dans l'équation de diffusion, comme l'ont fait McNabb et Foster. Les valeurs pour le nombre de pièges et leur profondeur ont été obtenues en appliquant l'équation correcte aux résultats sélectionnés pour une variété d'aciers écrouis á froid ou non. Les résultats conduisent á suggérer l'idée que, en l'absence d'écrouissage á froid, les interfaces solide-solide sont des lieux de sites de piégeage aussi importants ou même plus importants que les dislocations, et que, dans les a ciers écrouis á froid, les surfaces portant des microfissures jouent un rôle plus important que les dislocations pour le piégeage de l'hydrogène.
Zusammenfassung
Die Beweglichkeit gelösten Wasserstoffs in einem Eisengitter mit Haftstellen für Wasserstoff wird unter der Annahme eines lokalen Gleichgewichts zwischen dem beweglichen und dem an Haftstellen gebundenen Wasserstoff analysiert. Es wird gezeigt, daβ bei kleiner Besetzung der Haftatellen die gewöhnlichen Lösungen der Diffusionsgleichungen zur Analyse der experimentellen Ergebnisse herangezogen werden können und daβ die effektiven Diffusionskonstanten eine Funktion der Haftstellendichte und der Tiefe der Haftstellen sind. In dem Bereich, in dem die Aktivität des an Haftstellen gebundenen Wasserstoffs nicht linear zur prozentualen Besetzung des gebundenen Anteils ist, funktioniert das Konzept der phänomenologischen Diffusion nicht mehr und die Diffusionsgleichung muβ mit Quell- und Senkentermen gelöst werden, wie es McNabb und Foster durchgeführt haben.},
	language = {en},
	number = {1},
	urldate = {2021-12-14},
	journal = {Acta Metallurgica},
	author = {Oriani, R. A},
	month = jan,
	year = {1970},
	pages = {147--157},
}

@article{sturges_interaction_1969,
	title = {The interaction of hydrogen and dislocations in iron},
	volume = {17},
	issn = {00016160},
	url = {https://linkinghub.elsevier.com/retrieve/pii/0001616069900972},
	doi = {10.1016/0001-6160(69)90097-2},
	language = {en},
	number = {9},
	urldate = {2021-12-14},
	journal = {Acta Metallurgica},
	author = {Sturges, C.M and Miodownik, A.P},
	month = sep,
	year = {1969},
	pages = {1197--1207},
}

@article{degtyarenko_simulation_2016,
	title = {Simulation of diffusion of hydrogen atoms in the lattice of tungsten},
	volume = {748},
	issn = {1742-6588, 1742-6596},
	url = {https://iopscience.iop.org/article/10.1088/1742-6596/748/1/012010},
	doi = {10.1088/1742-6596/748/1/012010},
	urldate = {2021-12-14},
	journal = {Journal of Physics: Conference Series},
	author = {Degtyarenko, N N and Pisarev, A A},
	month = sep,
	year = {2016},
	pages = {012010},
}
